% This is annot.bib
% Author: Ayman Ammoura
% A demo for CMPUT 603 Fall 2002.
% The order of the following entries is irrelevant. They will be sorted according to the
% bibliography style used.
%%%%%%%%%%%%%%%%%%%%%%%%%%%%%%%%%%%%%%%%%%%%%%%%%%%%%%%%%%%%%%%%%%%%%%%%%%%%%%%%%%%%%%%%%

@misc{memcached,
  author = {Brad Fitzpatrick},
  title = {Memcached},
  year = 2003,
  url = {http://memcached.org/},
}

@misc{libevent,
  author = {Nick Mathewson and Niels Provos},
  title = {Libevent},
  year = 2003,
  url = {http://libevent.org/},
}

@misc{libevent_priority,
  author = {Nick Mathewson},
  title = {Fast portable non-blocking network programming with Libevent},
  year = 2009,
  url = {http://www.wangafu.net/~nickm/libevent-book/Ref4\_event.html},
}

@misc{emulab,
  author = {University of Utah},
  title = {Emulab},
  year = 2003,
  url = {http://www.emulab.net/index.php3},
}
